@MISC{ncsu-mobilitymodels-2009-07-23,
    author = {Injong Rhee and Minsu Shin and Seongik Hong and Kyunghan Lee and Seongjoon Kim and Song Chong},
    title = {{CRAWDAD} data set ncsu/mobilitymodels (v. 2009-07-23)},
    howpublished = {Downloaded from http://crawdad.org/ncsu/mobilitymodels/},
    month = jul,
    year = 2009
}


@book{tavli2006mobile,
  title={{Mobile Ad Hoc Networks}},
  author={Tavli, Bulent and Heinzelman, Wendi},
  year={2006},
  publisher={Springer}
}

@book{perkins2008ad,
  title={{Ad hoc networking}},
  author={Perkins, Charles E},
  year={2008},
  publisher={Addison-Wesley Professional}
}

@inproceedings{pyattaev20133gpp,
  title={{3GPP LTE traffic offloading onto WiFi direct}},
  author={Pyattaev, Alexander and Johnsson, Kerstin and others},
  booktitle={Wireless Communications and Networking Conference Workshops (WCNCW)},
  year={2013},
  organization={IEEE}
}


@inproceedings{raghothaman2013architecture,
  title={{Architecture and protocols for LTE-based device to device communication}},
  author={Raghothaman, Balaji and Deng, Eric and others},
  booktitle={Computing, Networking and Communications (ICNC)},
  year={2013},
  organization={IEEE}
}

@inproceedings{wd22014chants,
  title={{WD2: An Improved WiFi-Direct Group Formation Protocol}},
  author={Hongxu Zhang, and Yufeng Wang, and Chiu C. Tan},
  booktitle={Proceedings of the 9th ACM MobiCom workshop on Challenged networks},
  year={2014},
  organization={ACM}
}


@article{doppler2009device,
  title={{Device-to-device communication as an underlay to LTE-advanced networks}},
  author={Doppler, Klaus and Rinne, Mika and others},
  journal={Communications Magazine},
  year={2009},
  publisher={IEEE}
}


@inproceedings{kaufman2008cellular,
  title={{Cellular networks with an overlaid device to device network}},
  author={Kaufman, Brett and Aazhang, Behnaam},
  booktitle={Signals, Systems and Computers, 42nd Asilomar Conference on},
  year={2008},
  organization={IEEE}
}

@article{phillips2013survey,
  title={{A survey of wireless path loss prediction and coverage mapping methods}},
  author={Phillips, Caleb and Sicker, Douglas and Grunwald, Dirk},
  journal={Communications Surveys \& Tutorials},
  year={2013},
  publisher={IEEE}
}

@misc{apple-multipeer,
	author = {Apple},
	title = {{About Multipeer Connectivity}}, 	
	note ={\url{https://developer.apple.com/library/ios/navigation/}}
}

@misc{wifi-direct,
 Title = {{Wi-Fi Direct}},
 note={\url{http://www.wi-fi.org/discover-wi-fi/wi-fi-direct}}
 }



@misc{winlab,
 Title = {{GENI - Open, Programmable WiMAX Base Station}},
 author= {WINLAB},
 note={\url{http://www.winlab.rutgers.edu/pub/docs/focus/GENI-WiMAX.html}}
 }


@article{chinamobile,
  title={{C-RAN: the road towards green RAN}},
  author={Mobile, China},
  journal={White Paper, ver},
  year={2011}
}

@inproceedings{liu2013case,
  title={{The case for re-configurable backhaul in cloud-RAN based small cell networks}},
  author={Liu, Cheng and Sundaresan, Karthikeyan and others},
  booktitle={INFOCOM, 2013 Proceedings},
  year={2013},
  organization={IEEE}
}


@inproceedings{bhaumik2012cloudiq,
  title={{Cloudiq: a framework for processing base stations in a data center}},
  author={Bhaumik, Sourjya and Chandrabose, Shoban Preeth and others},
  booktitle={Proceedings of the 18th annual international conference on Mobile computing and networking},
  year={2012},
  organization={ACM}
}


@inproceedings{sundaresan2013fluidnet,
  title={{FluidNet: a flexible cloud-based radio access network for small cells}},
  author={Sundaresan, Karthikeyan and Arslan, Mustafa Y and others},
  booktitle={Proceedings of the 19th annual international conference on Mobile computing \& networking},
  year={2013},
}



@misc{ibm,
 Title = {{Smarter wireless networks: Add intelligence to the mobile network edge}},
 author= {IBM},
	url={http://www-01.ibm.com/common/ssi/cgi-bin/ssialias?infotype=SA\&subtype=WH\&htmlfid=WSW14201USEN}
 }
 
@misc{intel,
 Title = {{Increasing Mobile Operatorsâ€™ Value Proposition With Edge Computing}},
 author= {Intel},
 note={\url{http://networkbuilders.intel.com/docs/Nokia_Solutions_and_Networks.pdf}}
 }

@book{sesia2009lte,
  title={{LTE: the UMTS long term evolution}},
  author={Sesia, Stefania and Toufik, Issam and Baker, Matthew},
  year={2009},
  publisher={Wiley Online Library}
}

 
 

@inproceedings{schulz2012tetherway,
  title={{Tetherway: a framework for tethering camouflage}},
  author={Schulz, Steffen and Sadeghi, Ahmad-Reza and others},
  booktitle={Proceedings of the fifth ACM conference on Security and Privacy in Wireless and Mobile Networks},
  year={2012},
  organization={ACM}
}



@misc{att,
 Title = {{iPhones Overload AT \& T Network, Angering Customers}},
 author={{New York Times}},
 year = {September, 2009},
 }



@misc{cisco,
 Title = {{Cisco Visual Networking Index: Global Mobile Data Traffic Forecast Update, 2012-2017}},
 author={Cisco},
 note={{February, 2013}},
 year = {White Paper},
 }

@inproceedings{iosifidis2013enabling,
  title={{Enabling Crowd-Sourced Mobile Internet Access}},
  author={Iosifidis, George and Gao, Lin and others},
    booktitle={INFOCOM, 2014 Proceedings},
  year={2014},
    organization={IEEE}
}

@inproceedings{yuindapson,
  title={{INDAPSON: An Incentive Data Plan Sharing System Based on Self-Organizing Network}},
  author={Yu, Tuo and Zhou, Zilong and others},
  booktitle={INFOCOM, 2014 Proceedings},
  year={2014},
  organization={IEEE}
}

@article{ji2013wireless,
  title={{Wireless device-to-device caching networks: Basic principles and system performance}},
  author={Ji, Mingyue and Caire, Giuseppe and Molisch, Andreas F},
  journal={arXiv preprint arXiv:1305.5216},
  year={2013}
}

@article{huevaluating,
  title={{Evaluating the Raw Potential for Device-to-Device Caching via Co-Location}},
  author={Hu, Xueheng and Meng, Lei and Striegel, Aaron D},
  booktitle={{ International Conference on Mobile Systems and Pervasive Computing}},
  year={2014},
}


@inproceedings{sharma2009cool,
  title={{Cool-Tether: energy efficient on-the-fly wifi hot-spots using mobile phones}},
  author={Sharma, Ashish and Navda, Vishnu and others},
  booktitle={International conference on Emerging networking experiments and technologies},
  year={2009},
}

@inproceedings{bal2009energy,
  title={{Energy consumption in mobile phones: a measurement study and implications for network applications}},
  author={Balasubramanian, Niranjan and Balasubramanian, Aruna and Venkataramani, Arun},
  booktitle={{ACM Internet Measurement Conference (IMC)}},
  year={2009},
}

@inproceedings{shafiq2013first,
  title={{A first look at cellular network performance during crowded events}},
  author={Shafiq, Muhammad Zubair and Ji, Lusheng and others},
  booktitle={{ACM SIGMETRICS}},
  year={2013},
}


@inproceedings{do2012crowdmac,
  title={{CrowdMAC: a crowdsourcing system for mobile access}},
  author={Do, Ngoc and Hsu, Cheng-Hsin and Venkatasubramanian, Nalini},
  booktitle={{International Middleware Conference}},
  year={2012},
}


@article{bansal50r2d2,
  title={{R2D2: Embracing Device-to-Device Communication in Next Generation Cellular Networks}},
  author={Bansal, Tarun and Sundaresan, Karthikeyan and others},
  journal={Cell},
}

@article{gonzalez1985clustering,
  title={{Clustering to minimize the maximum intercluster distance}},
  author={Gonzalez, Teofilo F},
  journal={Theoretical Computer Science},
  year={1985},
  publisher={Elsevier}
}

@inproceedings{chittaranjan2011s,
  title={{Who's who with Big-Five: Analyzing and Classifying personality traits with smartphones}},
  author={Chittaranjan, Gokul and Blom, Jan and Gatica-Perez, Daniel},
  booktitle={Wearable Computers (ISWC)},
  year={2011},
  organization={IEEE}
}


@incollection{de2013predicting,
  title={{Predicting personality using novel mobile phone-based metrics}},
  author={de Montjoye, Yves-Alexandre and Quoidbach, Jordi and others},
  booktitle={Social Computing, Behavioral-Cultural Modeling and Prediction},
  year={2013},
  publisher={Springer}
}

@misc{bloomfilter,
 Title = {{Table of false-positive rates for different configurations}},
 year = {Accessed in 04/2014},
 note={\url{http://pages.cs.wisc.edu/~cao/papers/summary-cache/node8.html}}
 }


@article{fan2000summary,
  title={{Summary cache: a scalable wide-area web cache sharing protocol}},
  author={Fan, Li and Cao, Pei and Almeida, Jussara and Broder, Andrei Z},
  journal={IEEE/ACM Transactions on Networking (TON)},
  year={2000},
  publisher={IEEE Press}
}


@article{bloom1970space,
  title={{Space/time trade-offs in hash coding with allowable errors}},
  author={Bloom, Burton H},
  journal={Communications of the ACM},
  year={1970},
  publisher={ACM}
}


@article{gupta2013bit,
  title={{Bit-Stuffing in 802. 11 Beacon Frame: Embedding Non-Standard Custom Information}},
  author={Gupta, Vishal and Kumar Rohil, Mukesh},
  journal={International Journal of Computer Applications},
  year={2013}
}

@inproceedings{vergara2013watts2share,
  title={{Watts2share: Energy-aware traffic consolidation}},
  author={Vergara, Ekhiotz Jon and Nadjm-Tehrani, Simin},
  booktitle={Green Computing and Communications (GreenCom), IEEE and Internet of Things (iThings/CPSCom), IEEE Cyber, Physical and Social Computing},
  year={2013},
  organization={IEEE}
}

@inproceedings{lin2010energy,
  title={{Energy-accuracy trade-off for continuous mobile device location}},
  author={Lin, Kaisen and Kansal, Aman and others},
  booktitle={Proceedings of the 8th international conference on Mobile systems, applications, and services},
  year={2010},
  organization={ACM}
}


@inproceedings{azizyan2009surroundsense,
  title={{SurroundSense: mobile phone localization via ambience fingerprinting}},
  author={Azizyan, Martin and Constandache, Ionut and Roy Choudhury, Romit},
  booktitle={Proceedings of the 15th annual international conference on Mobile computing and networking},
  year={2009},
  organization={ACM}
}

@article{sun2005signal,
  title={{Signal processing techniques in network-aided positioning: a survey of state-of-the-art positioning designs}},
  author={Sun, Guolin and Chen, Jie and Guo, Wei and Liu, KJ Ray},
  journal={Signal Processing Magazine},
  year={2005},
  publisher={IEEE}
}

@incollection{lamarca2005place,
  title={{Place lab: Device positioning using radio beacons in the wild}},
  author={LaMarca, Anthony and Chawathe, Yatin and others},
  booktitle={Pervasive computing},
  year={2005},
  publisher={Springer}
}

@article{zandbergen2009accuracy,
  title={{Accuracy of iPhone locations: A comparison of assisted GPS, WiFi and cellular positioning}},
  author={Zandbergen, Paul A},
  journal={Transactions in GIS},
  year={2009},
  publisher={Wiley Online Library}
}


@misc{googlemap,
 Title = {{Get turn-by-turn GPS navigation to your destination}},
 year = {Accessed in 03/2014},
 note={\url{https://www.google.com/mobile/maps/}}
 }

@misc{weather,
 Title = {{The Weather ChannelÂ® goes everywhere you do.}},
 year = {Accessed in 03/2014},
 note={\url{http://www.weather.com/services/mobilesplash.html}}
 }


@article{lallie2011challenging,
  title={{Challenging the Reliability of iPhone Geo-tags}},
  author={Lallie, Harjinder and Benford, David},
  journal={The International Journal of Forensic Computer Science--IJoFCS},
  year={2011}
}


@book{misra2006global,
  title={{Global Positioning System: Signals, Measurements and Performance Second Edition}},
  author={Misra, Pratap and Enge, Per},
  year={2006},
  publisher={Massachusetts: Ganga-Jamuna Press}
}

@inproceedings{bshara2008localization,
  title={{Localization in WiMAX networks based on signal strength observations}},
  author={Bshara, Mussa and Deblauwe, Nico and Biesen, LV},
  booktitle={IEEE Global Communications Conference},
  year={2008}
}


@article{abate2013design,
  title={{Design and analysis of a flow control scheme over wireless networks}},
  author={Abate, Alessandro and Chen, Minghua and others},
  journal={International Journal of Robust and Nonlinear Control},
  year={2013},
  publisher={Wiley Online Library}
}

@inproceedings{winstein2013tcp,
  title={{TCP ex machina: computer-generated congestion control}},
  author={Winstein, Keith and Balakrishnan, Hari},
  booktitle={Proceedings of the ACM SIGCOMM conference on SIGCOMM},
  year={2013},
  organization={ACM}
}

@book{widmer2001extending,
  title={{Extending equation-based congestion control to multicast applications}},
  author={Widmer, J{\"o}rg and Handley, Mark},
  year={2001},
  publisher={ACM}
}


@book{floyd2000equation,
  title={{Equation-based congestion control for unicast applications}},
  author={Floyd, Sally and Handley, Mark and others},
  year={2000},
  publisher={ACM}
}

@inproceedings{padhye1998modeling,
  title={{Modeling TCP throughput: A simple model and its empirical validation}},
  author={Padhye, Jitendra and Firoiu, Victor and others},
  booktitle={SIGCOMM Computer Communication Review},
  year={1998},
  organization={ACM}
}

@article{ziv1977universal,
  title={{A universal algorithm for sequential data compression}},
  author={Ziv, Jacob and Lempel, Abraham},
  journal={IEEE Transactions on information theory},
  year={1977}
}

@inproceedings{pucha2007exploiting,
  title={{Exploiting Similarity for Multi-Source Downloads Using File Handprints.}},
  author={Pucha, Himabindu and Andersen, David G and Kaminsky, Michael},
  booktitle={NSDI},
  year={2007}
}




@inproceedings{filipe2011end,
  title={{End-to-end data deduplication for the mobile Web}},
  author={Filipe, Ricardo and Barreto, Joao},
  booktitle={Network Computing and Applications (NCA)},
  year={2011},
  organization={IEEE}
}


@inproceedings{papapanagiotou2012chunk,
  title={{Chunk and object level deduplication for web optimization: a hybrid approach}},
  author={Papapanagiotou, Ioannis and Callaway, Robert D and Devetsikiotis, Michael},
  booktitle={Communications (ICC)},
  year={2012},
  organization={IEEE}
}


@inproceedings{sanadhya2012asymmetric,
  title={{Asymmetric caching: improved network deduplication for mobile devices}},
  author={Sanadhya, Shruti and Sivakumar, Raghupathy and others},
  booktitle={Proceedings of the 18th annual international conference on Mobile computing and networking},
  year={2012},
  organization={ACM}
}




@article{ericsson,
  title={{Ericsson Mobility Report}},
  year={November 2013}
}





@inproceedings{anand2009redundancy,
  title={{Redundancy in network traffic: findings and implications}},
  author={Anand, Ashok and Muthukrishnan, Chitra and others},
  booktitle={Proceedings of the eleventh international joint conference on Measurement and modeling of computer systems},
  year={2009},
  organization={ACM}
}



@inproceedings{rhea2003value,
  title={{Value-based web caching}},
  author={Rhea, Sean C and Liang, Kevin and Brewer, Eric},
  booktitle={Proceedings of the 12th international conference on World Wide Web},
  year={2003},
  organization={ACM}
}





@misc{polipoid,
 Title = {{Polipoid}},
 year = {Accessed in 02/2014},
 note={\url{https://github.com/splondike/polipoid}}
 }
 
@inproceedings{satyanarayanan2013cloudlets,
  title={{Cloudlets: at the leading edge of cloud-mobile convergence}},
  author={Satyanarayanan, Mahadev},
  booktitle={Proceedings of the 9th international ACM Sigsoft conference on Quality of software architectures},
  year={2013},
  organization={ACM}
}

@inproceedings{zhang2013cachekeeper,
  title={{CacheKeeper: a system-wide web caching service for smartphones}},
  author={Zhang, Yifan and Tan, Chiu and Qun, Li},
  booktitle={Proceedings of the ACM international joint conference on Pervasive and ubiquitous computing},
  year={2013},
  organization={ACM}
}

@inproceedings{xu2011identifying,
  title={{Identifying diverse usage behaviors of smartphone apps}},
  author={Xu, Qiang and Erman, Jeffrey and others},
  booktitle={Proceedings of the ACM SIGCOMM conference on Internet measurement conference},
  year={2011},
  organization={ACM}
}

@inproceedings{jassal2013unity,
  title={{Unity: Collaborative downloading content using co-located socially connected peers}},
  author={Jassal, Prateek and Yadav, Kuldeep and others},
  booktitle={Pervasive Computing and Communications WorkshopsWorkshops)},
  year={2013},
  organization={IEEE}
}